@book{montgomery2012introduction,
  title        = {Introduction to Linear Regression Analysis},
  author       = {Montgomery, Douglas C. and Peck, Elizabeth A. and Vining, G.~Geoffrey},
  year         = {2012},
  publisher    = {Wiley},
  address      = {Hoboken, NJ}
}

@article{tibshirani1996regression,
  title        = {Regression Shrinkage and Selection via the Lasso},
  author       = {Tibshirani, Robert},
  journal      = {Journal of the Royal Statistical Society: Series B (Methodological)},
  volume       = {58},
  number       = {1},
  pages        = {267--288},
  year         = {1996},
  publisher    = {Wiley}
}

@book{gelman2013bayesian,
  title        = {Bayesian Data Analysis},
  author       = {Gelman, Andrew and Carlin, John B. and Stern, Hal S. and Dunson, David B. and Vehtari, Aki and Rubin, Donald B.},
  edition      = {3rd},
  year         = {2013},
  publisher    = {Chapman \& Hall/CRC},
  address      = {Boca Raton, FL}
}

@article{polson2013bayesian,
  title        = {Bayesian Inference for Logistic Models Using Polyaâ€“Gamma Latent Variables},
  author       = {Polson, Nicholas G. and Scott, James G. and Windle, Jesse},
  journal      = {Journal of the American Statistical Association},
  volume       = {108},
  number       = {504},
  pages        = {1339--1349},
  year         = {2013},
  publisher    = {Taylor \& Francis}
}
@Manual{R-base,
  title = {R: A Language and Environment for Statistical Computing},
  author = {{R Core Team}},
  organization = {R Foundation for Statistical Computing},
  address = {Vienna, Austria},
  year = {2024},
  url = {https://www.R-project.org/},
}
@Manual{R-papaja,
  title = {{papaja}: {Prepare} reproducible {APA} journal articles with {R Markdown}},
  author = {Frederik Aust and Marius Barth},
  year = {2024},
  note = {R package version 0.1.3},
  url = {https://github.com/crsh/papaja},
  doi = {10.32614/CRAN.package.papaja},
}
@Manual{R-tinylabels,
  title = {{tinylabels}: Lightweight variable labels},
  author = {Marius Barth},
  year = {2025},
  note = {R package version 0.2.5},
  url = {https://cran.r-project.org/package=tinylabels},
  doi = {10.32614/CRAN.package.tinylabels},
}
